@book{freitag,
    author  = "Eberhart Freitag si Rolf Busam",
    title   = "Complex Analysis",
    year    = "2005",
    publisher = "Springer"
}

@book{mocanu,
    author  = "Gabriela Kohr si Petru T. Mocanu",
    title   = "Capitole speciale de analiza complexa",
    year    = "2005",
    publisher = "Cluj University Press"
}

@book{hamburg,
    author  = "P. Hamburg si P. Mocanu si N. Negoescu",
    title   = "Analiza Matematica (functii complexe)",
    year    = "1982",
    publisher = "Editura didactica si pedagogica"
}

@book{mayer,
    author = "Octavian Mayer",
    title  = "Functii de o variabila complexa"
}
